@Article{CSF0D, 
Title = {Assessment of cerebrospinal fluid outflow resistance},
Author  = {Eklund, A. and Smielewski, P. and Chambers, I. and Alperin, N. and Malm, J. and Czosnyka, M. and Marmarou, A. },
Journal = {Med Bio Eng Comput},
Year = {2007}
}