@Article{bypass, 
Title = {One-dimensional Arterial Network Model for Bypass Grafts Assessment},
Author  = {Ghigo, A. R. and Abou Taam, S. and Wang, X.-F. and Lagrée, P.-Y. and Fullana, J.-M.},
Journal = {Medical Engineering and Physics},
Year = {2007}, 
Volume ={43},
Pages={39-47}
}

@Article{Saito9, 
Title = {One-Dimensional Model for Propagation of a Pressure Wave in a Model of the Human Arterial Network: Comparison of Theoretical and Exeprimental Results},
Author  = {Saito, M. and Ikenaga, Y. and Matsukawa, M. and Watanabe, Y. and Asada, T. and Lagrée, P.-Y. },
Journal = {Journal of Biomechanical Engineering},
Year = {2011}, 
Volume ={133}
}

@article{Cf,
 URL = {http://www.jstor.org/stable/3061797},
 author = {N. P. Smith and A. J. Pullan and P. J. Hunter},
 journal = {SIAM Journal on Applied Mathematics},
 number = {3},
 pages = {990-1018},
 publisher = {Society for Industrial and Applied Mathematics},
 title = {An Anatomically Based Model of Transient Coronary Blood Flow in the Heart},
 volume = {62},
 year = {2001}
}

@article{viscoelastic, 

Title={Pulse wave propagation in a model human arterial network: Assessment of 1-D visco-elastic simulations against in vitro measurements}, 
Author = {Alastruey, J. and Khir, A.W. and Matthys, K.S. and Segers, P. and Sherwin, S.J. and Verdonck, P.R. and Parker, K.H. and Peir\'o, J.  },
Journal = {Journal of biomechanics},
Volume ={44},
Year = {2011},
Pages={2250-2258}

}


