@phdthesis{tesi,
  author = {Arthur Ghigo},
   title = {Reduced-Order Models for Blood Flow in Networks of Large Arteries},
  school = {Université Pierre et Marie Curie},
    year = {2017}
    }
    
@article{HP,
  author = {José Fullana},
   title = {Hyperelastic laws},
   month = {November},
    year = {2017}
    }
    
@article{salsa,
   author = {Sandro Salsa},
    title = {Partial Differential Equations in Action From Modelling to Theory},
     year = {2007}
     }
     
@article{num_met,
  author = {Siddhartha Mishra and Remi Abgrall},
   title = {Numerical methods for conservation laws and related equations},
    year = {2016}
    }
    
@article{rusanov,
  author = {Ammar H. Hakim},
   title = {The MUSCL-hancock scheme for solution of hyperbolic equations},
    year = {2016}
    }
    
@conference{HLLC,
   author = {Eleuterio Toro},
   title = {The HLLC Riemann Solver},
    year = {2012}
    }